@inproceedings{Shah2019,
author = {Shah, Faiz Ali and Sirts, Kairit and Pfahl, Dietmar},
title = {Using App Reviews for Competitive Analysis: Tool Support},
booktitle = {WAMA 2019},
pages = {40–46}
}


inproceedings{Shah2019,
author = {Shah, Faiz Ali and Sirts, Kairit and Pfahl, Dietmar},
title = {Using App Reviews for Competitive Analysis: Tool Support},
booktitle = {MAWA 2019},
pages = {40--46}
}

@misc{Wei2022,
      title={Finetuned Language Models Are Zero-Shot Learners}, 
      author={Jason Wei and Maarten Bosma and Vincent Y. Zhao and Kelvin Guu and Adams Wei Yu and Brian Lester and Nan Du and Andrew M. Dai and Quoc V. Le},
      year={2022},
      eprint={2109.01652},
      archivePrefix={arXiv},
      primaryClass={cs.CL}
}

@article{Conger2022, title={Elon Musk Completes \$44 Billion Deal to Own Twitter}, url={https://www.nytimes.com/2022/10/27/technology/elon-musk-twitter-deal-complete.html}, journal={The New York Times}, author={Conger, Kate and  Hirsch, Lauren}, year={2022}} 

@article{Turner2022, title={{Elon Musk Makes \$43 Billion Unsolicited Bid to Take Twitter Private}}, url={https://www.bloomberg.com/news/articles/2022-04-14/elon-musk-launches-43-billion-hostile-takeover-of-twitter\#xj4y7vzkg}, journal={Bloomberg}, author={Turner, Giles and Adler, Maxwell}, year={2022}, month={Apr}} 

@article{Reimann2022, title={{Twitter Suspends Accounts For Rival Mastodon And Several High-Profile Journalists}}, url={https://www.forbes.com/sites/nicholasreimann/2022/12/15/twitter-suspends-accounts-for-rival-mastodon-and-several-high-profile-journalists/?sh=4ed2c1d652ba}, journal={Forbes}, author={ Reimann, Nicholas and  Hart, Robert}, year={2022}} 

@article{Graham_2022, title={{The great Twexit}}, url={https://www.bostonglobe.com/2022/11/08/opinion/great-twexit}, journal={Boston Globe}, author={Graham, Reneé}, year={2022}} 

@InProceedings{Motger2023,
author="Motger, Quim
and Franch, Xavier
and Marco, Jordi",
title="Mobile Feature-Oriented Knowledge Base Generation Using Knowledge Graphs",
booktitle="ADBIS 2023",
pages="269--279"
}

@article{Stol2018,
author = {Stol, Klaas-Jan and Fitzgerald, Brian},
title = {{The ABC of Software Engineering Research}},
year = {2018},
volume = {27},
number = {3},
journal = {ACM Trans. Softw. Eng. Methodol.},
articleno = {11},
}

@article{Dabrowski22,
  author       = {Jacek Dabrowski and
                  Emmanuel Letier and
                  Anna Perini and
                  Angelo Susi},
  title        = {{Analysing app reviews for software engineering: a systematic literature review}},
  journal      = {Empir. Softw. Eng.},
  volume       = {27},
  number       = {2},
  pages        = {43},
  year         = {2022},
  biburl       = {https://dblp.org/rec/journals/ese/DabrowskiLPS22.bib},
  bibsource    = {dblp computer science bibliography, https://dblp.org}
}

@InProceedings{Dalpiaz19,
author="Dalpiaz, Fabiano
and Parente, Micaela",
title="{RE-SWOT}: From User Feedback to Requirements via Competitor Analysis",
booktitle="REFSQ 2019",
pages="55--70"
}

inproceedings{Dalpiaz19,
  author       = {Fabiano Dalpiaz and
                  Micaela Parente},
  title        = {{RE-SWOT: From User Feedback to Requirements via Competitor Analysis}},
  booktitle    = {REFSQ 2019},
  year         = 2019,
  volume       = {11412},
  pages        = {55--70}
}

@INPROCEEDINGS{Gao18,
  author={Gao, Cuiyun and Zeng, Jichuan and Lyu, Michael R. and King, Irwin},
  booktitle={ICSE 2018}, 
  title={Online App Review Analysis for Identifying Emerging Issues}, 
  pages={48-58}}


inproceedings{Gao18,
  author       = {Cuiyun Gao and
                  Jichuan Zeng and
                  Michael R. Lyu and
                  Irwin King},
  title        = {Online app review analysis for identifying emerging issues},
  booktitle    = {{ICSE} 2018},
  pages        = {48--58}
}


@article{Assi21,
  author       = {Maram Assi and
                  Safwat Hassan and
                  Yuan Tian and
                  Ying Zou},
  title        = {FeatCompare: Feature comparison for competing mobile apps leveraging
                  user reviews},
  journal      = {Empir. Softw. Eng.},
  volume       = {26},
  number       = {5},
  year         = {2021}
}

@inproceedings{Chen2014767,
author = {Chen, Ning and Lin, Jialiu and Hoi, Steven C. H. and Xiao, Xiaokui and Zhang, Boshen},
title = {AR-Miner: Mining Informative Reviews for Developers from Mobile App Marketplace},
isbn = {9781450327565},
booktitle = {ICSE 2014},
pages = {767–778},
numpages = {12}
}

CONFERENCE{Chen2014767,
	author = {Chen, Ning and Lin, Jialiu and Hoi, Steven C. H. and Xiao, Xiaokui and Zhang, Boshen},
	title = {{AR-miner: Mining informative reviews for developers from mobile app marketplace}},
	year = {2014},
	journal = {{ICSE 2014}},
	number = {1},
	pages = {767 – 778}
}

@article{Wohlin2014,
author = {Wohlin, Claes and Aurum, Aybüke},
year = {2014},
month = {05},
pages = {},
title = {Towards a decision-making structure for selecting a research design in empirical software engineering},
volume = {20},
journal = {Empirical Software Engineering},
}

@article{ALSHAMAILEH2023102965,
title = {Why people choose Apps: An evaluation of the ecology and user experience of mobile applications},
journal = {International Journal of Human-Computer Studies},
volume = {170},
pages = {102965},
year = {2023},
issn = {1071-5819},
author = {Ons Al-Shamaileh and Alistair Sutcliffe},
}

@misc{brown2020language,
      title={{Language Models are Few-Shot Learners}}, 
      author={Tom B. Brown and others},
      year={2020},
      eprint={2005.14165},
      archivePrefix={arXiv},
      primaryClass={cs.CL}
}

@inproceedings{Goran2023,
  author       = {G{\o}ran H. Str{\o}nstad and
                  Ilias Gerostathopoulos and
                  Emitz{\'{a}} Guzm{\'{a}}n},
  title        = {{What's Next in my Backlog? Time Series Analysis of User Reviews}},
  booktitle    = {RE 2023 - Workshops},
  pages        = {154--161}}

@article{GENCNAYEBI2017207,
title = {A systematic literature review: Opinion mining studies from mobile app store user reviews},
journal = {Journal of Systems and Software},
volume = {125},
pages = {207-219},
year = {2017},
issn = {0164-1212},
author = {Necmiye Genc-Nayebi and Alain Abran}}

@article{Salo2018,
  year = {2018},
  volume = {42},
  pages = {386--407},
  author = {Markus Salo and Markus Makkonen},
  title = {{Why Do Users Switch Mobile Applications? Trialing Behavior as a Predecessor of Switching Behavior}},
  journal = {Communications of the Association for Information Systems}
}

@InProceedings{Wuest2019,
author="W{\"u}est, Dustin
and Fotrousi, Farnaz
and Fricker, Samuel",
editor="Knauss, Eric
and Goedicke, Michael",
title="Combining Monitoring and Autonomous Feedback Requests to Elicit Actionable Knowledge of System Use",
booktitle="Requirements Engineering: Foundation for Software Quality",
year="2019",
publisher="Springer International Publishing",
address="Cham",
pages="209--225",
isbn="978-3-030-15538-4"
}

@INPROCEEDINGS{Deshpande2018,
  author={Deshpande, Gouri and Rokne, Jon},
  booktitle={2018 5th International Workshop on Artificial Intelligence for Requirements Engineering (AIRE)}, 
  title={User Feedback from Tweets vs App Store Reviews: An Exploratory Study of Frequency, Timing and Content}, 
  year={2018},
  volume={},
  number={},
  pages={15-21},
  keywords={Twitter;Computer bugs;Google;Timing;Semantics;Market research;LinkedIn;social media, user feedback, mobile apps, machine learning, text analysis, natural language processing, mobile application improvement.},
  doi={10.1109/AIRE.2018.00008}}
